<?xml version="1.0" encoding="UTF-8"?><collection xmlns="http://www.loc.gov/MARC21/slim"><record><leader>00512nam--2200181-u-4500</leader><controlfield tag="001">000054688</controlfield><controlfield tag="002">20161230</controlfield><controlfield tag="005">20161230201051</controlfield><controlfield tag="008">120521s1000------------r-----000-0-eng-d</controlfield><datafield ind1=" " ind2=" " tag="020"><subfield code="a">97846585122</subfield></datafield><datafield ind1=" " ind2=" " tag="040"><subfield code="a">IFIN-HH</subfield></datafield><datafield ind1="1" ind2=" " tag="100"><subfield code="a">Apostol, Marian</subfield></datafield><datafield ind1="1" ind2="0" tag="245"><subfield code="a">Twenty lectures on physics</subfield><subfield code="b">Writings on theoretical physics</subfield><subfield code="c">Marian apostol</subfield></datafield><datafield ind1=" " ind2=" " tag="260"><subfield code="a">Saarbucken, Germany</subfield><subfield code="b">Lap Lambert Academic Publishing</subfield><subfield code="c">2012</subfield></datafield><datafield ind1=" " ind2=" " tag="300"><subfield code="a">235P</subfield></datafield><datafield ind1=" " ind2=" " tag="500"><subfield code="a">Donatie</subfield></datafield><datafield ind1=" " ind2=" " tag="852"><subfield code="a">82340</subfield><subfield code="c">530.1</subfield></datafield><datafield ind1=" " ind2=" " tag="CAT"><subfield code="a">Sys</subfield><subfield code="c">20120523</subfield><subfield code="h">091001</subfield></datafield></record></collection>